@article{argerich_measuring_2024,
    title = {Measuring and {Improving} the {Energy} {Efficiency} of {Large} {Language} {Models} {Inference}},
    volume = {12},
    doi = {10.1109/ACCESS.2024.3409745},
    journal = {IEEE Access},
    author = {Argerich, Mauricio Fadel and Patiño-Martínez, Marta},
    year = {2024},
    note = {Publisher: IEEE},
    pages = {80194--80210},
}
@misc{mpcon_os_2025,
    title = {Os 'robôs' que os bancões estão preparando para te atender},
    url = {https://mpcon.org.br/noticias/os-robos-que-os-bancoes-estao-preparando-para-te-atender/},
    urldate = {2025-08-17},
    author = {{MPCON}},
    year = {2025},
}