
@misc{jetbrains_state_2024,
	title = {The {State} of {Developer} {Ecosystem} in 2024},
	url = {https://www.jetbrains.com/lp/devecosystem-2024},
	urldate = {2025-07-30},
	author = {{JetBrains}},
	year = {2024},
}

@misc{valor_investe_os_2025,
	title = {Os 'robôs' que os bancões estão preparando para te atender},
	url = {https://valorinveste.globo.com/produtos/servicos-financeiros/noticia/2025/08/12/os-robos-que-os-bancoes-estao-preparando-para-te-atender.ghtml},
	urldate = {2025-08-17},
	author = {{Valor Investe}},
	month = dec,
	year = {2025},
}

@misc{ibm_2025_2025,
	title = {2025 {Global} {Outlook} for {Banking} and {Financial} {Markets}},
	url = {https://www.ibm.com/thought-leadership/institute-business-value/report/2025-banking-financial-markets-outlook},
	urldate = {2025-03-05},
	author = {{IBM}},
	year = {2025},
}

@misc{febraban_estudo_2024,
	title = {Estudo de tecnologias emergentes para o setor bancário},
	url = {https://cmsarquivos.febraban.org.br/Arquivos/documentos/PDF/FBB_Techs_Emergentes_Relatorio_imprensa_VF.pdf},
	urldate = {2025-07-18},
	author = {{Febraban}},
	year = {2024},
}

@misc{nvidia_decodificando_2024,
	title = {Decodificando os {Microsserviços} que {Aceleram} a {IA} {Generativa}},
	url = {https://blog.nvidia.com.br/blog/ia-decodificada-nim/},
	urldate = {2024-07-18},
	author = {{NVIDIA}},
	year = {2024},
}

@misc{accountfy_assistentes_2024,
	title = {Assistentes virtuais para gestão financeira: conheça a inteligência artificial da {Accountfy}},
	url = {https://accountfy.com/blog/assistentes-virtuais-gestao-financeira/},
	urldate = {2024-12-26},
	author = {{Accountfy}},
	year = {2024},
}

@article{fernandez_energy_2025,
	title = {Energy {Considerations} of {Large} {Language} {Model} {Inference} and {Efficiency} {Optimizations}},
	journal = {arXiv preprint arXiv:2504.17674},
	author = {Fernandez, Jared and Na, Clara and Tiwari, Vashisth and Bisk, Yonatan and Luccioni, Sasha and Strubell, Emma},
	year = {2025},
	note = {\_eprint: 2504.17674},
}

@article{argerich_measuring_2024,
	title = {Measuring and {Improving} the {Energy} {Efficiency} of {Large} {Language} {Models} {Inference}},
	volume = {12},
	doi = {10.1109/ACCESS.2024.3409745},
	journal = {IEEE Access},
	author = {Argerich, Mauricio Fadel and Patiño-Martínez, Marta},
	year = {2024},
	note = {Publisher: IEEE},
	pages = {80194--80210},
}

@misc{deepchecks_how_2025,
	title = {How do response time and latency factor into {LLM} evaluation?},
	url = {https://www.deepchecks.com/question/response-time-latency-llm-evaluation/},
	urldate = {2025-08-29},
	author = {{Deepchecks}},
	year = {2025},
}

@misc{credits_chatgpt_2025,
	title = {{ChatGPT} {Hits} {700M} {Weekly} {Users}, {But} at {What} {Environmental} {Cost}?},
	url = {https://carboncredits.com/chatgpt-hits-700m-weekly-users-but-at-what-environmental-cost/},
	urldate = {2025-08-29},
	author = {Credits, Carbon},
	year = {2025},
}

@misc{ai_how_2025,
	title = {How much energy does {ChatGPT} use?},
	url = {https://epoch.ai/gradient-updates/how-much-energy-does-chatgpt-use},
	urldate = {2025-08-29},
	author = {AI, Epoch},
	year = {2025},
}

@misc{hardware_chatgpt_2025,
	title = {{ChatGPT} 5 power consumption could be as much as eight times higher than {GPT} 4},
	url = {https://www.tomshardware.com/tech-industry/artificial-intelligence/chatgpt-5-power-consumption-could-be-as-much-as-eight-times-higher-than-gpt-4-research-institute-estimates-medium-sized-gpt-5-response-can-consume-up-to-40-watt-hours-of-electricity},
	urldate = {2025-08-29},
	author = {Hardware, Tom's},
	year = {2025},
}

@misc{byteplus_how_2025,
	title = {How {Much} {Energy} {Does} {GPT}-4 {Consume}? {Insights} 2025},
	url = {https://www.byteplus.com/en/topic/548338},
	urldate = {2025-08-29},
	author = {{BytePlus}},
	year = {2025},
}

@article{hendrickson_atomic_1975,
	title = {Atomic models for the polypeptide backbones of myohemerythrin and hemerythrin},
	volume = {66},
	issn = {1090-2104},
	doi = {10.1016/0006-291x(75)90508-2},
	language = {eng},
	number = {4},
	journal = {Biochemical and Biophysical Research Communications},
	author = {Hendrickson, W. A. and Ward, K. B.},
	month = oct,
	year = {1975},
	pmid = {5},
	keywords = {Animals, Cnidaria, Computers, Hemerythrin, Metalloproteins, Models, Molecular, Muscle Proteins, Protein Conformation, Species Specificity},
	pages = {1349--1356},
}

@misc{dsacademy_llms_2023,
	title = {{LLMs} e a {Evolução} da {IA} {Generativa}},
	url = {https://blog.dsacademy.com.br/llms-e-a-evolucao-da-ia-generativa/},
	urldate = {2025-07-29},
	author = {{DSAcademy}},
	month = jun,
	year = {2023},
}

@misc{anbima_raio_nodate,
	title = {Raio {X} do {Investidor} {Brasileiro} – {ANBIMA}},
	url = {https://www.anbima.com.br/pt_br/especial/raio-x-do-investidor-brasileiro.htm},
	abstract = {Notícias, estatísticas, autorregulação e certificações para os mercados financeiro e de capitais},
	language = {pt-BR},
	urldate = {2025-07-26},
	author = {ANBIMA},
}

@misc{b3_uma_nodate,
	title = {Uma análise da evolução dos investidores na {B3}},
	url = {https://www.b3.com.br/pt_br/market-data-e-indices/servicos-de-dados/market-data/consultas/mercado-a-vista/perfil-pessoas-fisicas/perfil-pessoa-fisica/},
	language = {pt-BR},
	urldate = {2025-07-26},
	author = {{B3}},
}

@article{kotecha_artificial_2025,
	title = {Artificial {Intelligence} in the {Stock} {Market}: {The} {Trends} and {Challenges} {Regarding} {AI}-{Driven} {Investments}},
	volume = {13},
	issn = {2329-3284, 2329-3292},
	shorttitle = {Artificial {Intelligence} in the {Stock} {Market}},
	url = {https://www.scirp.org/journal/doi.aspx?doi=10.4236/ojbm.2025.132037},
	doi = {10.4236/ojbm.2025.132037},
	abstract = {The stock market faces persistent challenges, including inefficiencies, volatility, and barriers to entry, which hinder its accessibility and reliability for investors. This paper explores how artificial intelligence (AI) can address these challenges by revolutionizing research, automation, and prediction in the stock market. The primary research question addressed in this study is: “How can artificial intelligence enhance market efficiency, investor decision-making, and accessibility in the stock market, and what are the associated ethical and regulatory challenges?” Using a systematic literature review methodology, this paper examines data processing techniques such as big data analytics and machine learning, which are critical for developing AI-accelerated analysis models like real-time and sentiment analysis. It also evaluates AI’s role in automation and prediction through portfolio management, predictive analysis, and risk mitigation, emphasizing advanced machine learning techniques, including deep learning, reinforcement learning, random forest, and generative AI. The findings indicate that AI significantly improves market efficiency, enhances decision-making accuracy, and increases accessibility for a broader range of investors. However, ethical and regulatory challenges, including accountability, equality, and data protection, remain critical considerations for successful implementation. The paper concludes that while AI has the potential to transform the stock market into a more efficient and inclusive environment, achieving this requires responsible integration and robust oversight.},
	language = {en},
	number = {02},
	urldate = {2025-07-31},
	journal = {Open Journal of Business and Management},
	author = {Kotecha, Ness},
	year = {2025},
	pages = {709--734},
}

@article{kotecha_artificial_2025-1,
	title = {Artificial {Intelligence} in the {Stock} {Market}: {The} {Trends} and {Challenges} {Regarding} {AI}-{Driven} {Investments}},
	volume = {13},
	issn = {2329-3284, 2329-3292},
	shorttitle = {Artificial {Intelligence} in the {Stock} {Market}},
	url = {https://www.scirp.org/journal/doi.aspx?doi=10.4236/ojbm.2025.132037},
	doi = {10.4236/ojbm.2025.132037},
	number = {02},
	urldate = {2025-07-31},
	journal = {Open Journal of Business and Management},
	author = {Kotecha, Ness},
	year = {2025},
	pages = {709--734},
}

@article{vaswani_attention_2017,
	title = {Attention is all you need},
	volume = {30},
	journal = {Advances in neural information processing systems},
	author = {Vaswani, Ashish and Shazeer, Noam and Parmar, Niki and Uszkoreit, Jakob and Jones, Llion and Gomez, Aidan N and Kaiser, Łukasz and Polosukhin, Illia},
	year = {2017},
}

@misc{mckinsey_economic_2023,
	title = {The economic potential of generative {AI}: {The} next productivity frontier},
	url = {https://www.mckinsey.com/capabilities/mckinsey-digital/our-insights/the-economic-potential-of-generative-ai-the-next-productivity-frontier},
	urldate = {2025-07-18},
	author = {{McKinsey}},
	month = jun,
	year = {2023},
}

@inproceedings{ritu_comparative_2024,
	address = {Sonipat, India},
	title = {A {Comparative} {Analysis} of {Communication} {Efficiency}: {REST} vs. {gRPC} in {Microservice}- {Based} {Ecosystems}},
	copyright = {https://doi.org/10.15223/policy-029},
	isbn = {979-8-3503-7647-0},
	shorttitle = {A {Comparative} {Analysis} of {Communication} {Efficiency}},
	url = {https://ieeexplore.ieee.org/document/10664091/},
	doi = {10.1109/INNOCOMP63224.2024.00107},
	urldate = {2025-07-31},
	booktitle = {2024 {International} {Conference} on {Emerging} {Innovations} and {Advanced} {Computing} ({INNOCOMP})},
	publisher = {IEEE},
	author = {{Ritu} and Arora, Shruti and Bhardwaj, Aanshi and Kukkar, Ashima and Kaur, Sawinder},
	month = may,
	year = {2024},
	pages = {621--626},
}

@article{cruz_assistentes_2018,
	title = {Assistentes virtuais e chatbots: {Um} guia prático e teórico sobre como criar experiências e experiências encantadoras para os clientes},
	journal = {Rio de Janeiro: Brasport},
	author = {Cruz, L. T. and Alencar, A. J. and Schmitz, E. A.},
	year = {2018},
}

@misc{baumgartner_observabilidade_2024,
	title = {Observabilidade inteligente: como antecipar problemas e proteger as operações no setor financeiro},
	shorttitle = {Observabilidade inteligente},
	url = {https://tiinside.com.br/30/10/2024/observabilidade-inteligente-como-antecipar-problemas-e-proteger-as-operacoes-no-setor-financeiro/},
	abstract = {A observabilidade é um dos pilares essenciais para garantir a eficiência e segurança dos sistemas tecnológicos, especialmente no setor financeiro, onde a integridade das operações é fundamental},
	language = {pt-BR},
	urldate = {2025-07-31},
	journal = {TI INSIDE Online},
	author = {Baumgartner, Robert},
	month = oct,
	year = {2024},
}

@misc{ibm_o_2023,
	title = {O que é rastreamento distribuído?},
	shorttitle = {O que é rastreamento distribuído?},
	url = {https://www.ibm.com/br-pt/topics/distributed-tracing},
	abstract = {O rastreamento distribuído é uma técnica que aborda os desafios de registrar informações em aplicações baseadas em microsserviços.},
	language = {pt},
	urldate = {2025-05-31},
	author = {{IBM}},
	month = may,
	year = {2023},
}

@misc{mozilla_rest_2023,
	title = {{REST} - {Glossário} do {MDN} {Web} {Docs} {\textbar} {MDN}},
	url = {https://developer.mozilla.org/pt-BR/docs/Glossary/REST},
	abstract = {REST (Representational State Transfer) refere-se a um grupo de restrições de design dentro da arquitetura de software que geram sistemas distribuídos eficientes, confiáveis e escaláveis. Um sistema é denominado RESTful quando adere a todas essas restrições.},
	language = {pt-BR},
	urldate = {2025-05-31},
	author = {{Mozilla}},
	month = nov,
	year = {2023},
}

@misc{google_grpc_nodate,
	title = {{gRPC}},
	url = {https://grpc.io/},
	abstract = {A high-performance, open source universal RPC framework},
	language = {en},
	urldate = {2025-05-31},
	journal = {gRPC},
	author = {{Google}},
}

@misc{apache_apache_nodate,
	title = {Apache {Thrift}},
	url = {https://thrift.apache.org/},
	urldate = {2025-05-31},
	author = {{Apache}},
}

@book{kleppmann_designing_2017,
	address = {Beijing Boston Farnham Sebastopol Tokyo},
	edition = {First edition},
	title = {Designing data-intensive applications: the big ideas behind reliable, scalable, and maintainable systems},
	isbn = {978-1-4919-0310-0},
	shorttitle = {Designing data-intensive applications},
	language = {eng},
	publisher = {O'Reilly},
	author = {Kleppmann, Martin},
	year = {2017},
}

@misc{arditti_microsservicos_2025,
	title = {Microsserviços como chave para a inovação e segurança das instituições financeiras brasileiras},
	url = {https://www.tecmundo.com.br/mercado/402968-microsservicos-como-chave-para-a-inovacao-e-seguranca-das-instituicoes-financeiras-brasileiras.htm},
	abstract = {A adoção de microsserviços pelas instituições financeiras representa uma nova era para a personalização e a segurança.},
	language = {pt-BR},
	urldate = {2025-05-31},
	journal = {TecMundo},
	author = {Arditti, Fernando},
	month = mar,
	year = {2025},
}

@misc{febraban-federacao_brasileira_de_bancos_pesquisa_nodate,
	title = {Pesquisa {FEBRABAN} de {Tecnologia} {Bancária}},
	url = {https://portal.febraban.org.br:443/pagina/3106/1117/pt-br/pesquisa},
	abstract = {Estudo realizado anualmente pela FEBRABAN junto aos principais bancos do País com o objetivo de mapear o estágio da tecnologia bancária no Brasil e suas tendências. A Pesquisa expõe e explica de que forma o intenso uso da tecnologia no setor bancário se reverte em maior conveniência e segurança para o cliente, tornando-se um importante instrumento de discussões na academia, órgãos do governo, mídia, entre outros.)},
	language = {pt-br},
	urldate = {2025-07-31},
	author = {{FEBRABAN-Federação Brasileira de Bancos}},
}

@article{kanizawa_arquitetura_2022,
	title = {{ARQUITETURA} {DE} {MICROSSERVIÇOS}},
	volume = {19},
	copyright = {https://creativecommons.org/licenses/by/4.0},
	issn = {2447-0864},
	url = {https://revista.fatectq.edu.br/interfacetecnologica/article/view/1538},
	doi = {10.31510/infa.v19i2.1538},
	abstract = {A arquitetura de microsserviços é uma alternativa às arquiteturas monolíticas no ramo de Engenharia de software, onde cada contexto que compõe as funcionalidades do sistema é um microsserviço independente. Essa abordagem permite que cada microsserviço seja desenvolvido utilizando os recursos e linguagens que fazem mais sentido dentro do seu próprio contexto, além dessa flexibilidade no momento de desenvolver os microsserviços, sistemas desenvolvidos utilizando a arquitetura de microsserviços são mais escaláveis e tem maior manutenibilidade. Microsserviços permitem também uma curva de aprendizado menor das funcionalidades, uma vez que em geral cada microsserviço está sob responsabilidade de um time diferente e muitas vezes especializado naquele contexto da aplicação. A comunicação, o entendimento da arquitetura e os recursos utilizados para fazer com que os microsserviços trabalhem de maneira sinérgica e agregativa, no entanto são pontos onde o uso da arquitetura de microsserviços é mais trabalhosa e de difícil aprendizado em relação a uma arquitetura monolítica. O uso da arquitetura de microsserviços com sucesso depende de requisitos como o tamanho do sistema, a necessidade de variabilidade tecnológica e a capacidade dos membros dos times que vai empregar a arquitetura de assimilar e empregar de maneira correta os padrões e boas práticas desse modelo.},
	number = {2},
	urldate = {2025-07-30},
	journal = {Revista Interface Tecnológica},
	author = {Kanizawa, Danilo Takeo and Pinto, Giuliano Scombatti},
	month = dec,
	year = {2022},
	pages = {308--318},
}

@book{newman_building_2022,
	address = {Sebastopol, CA},
	edition = {2},
	title = {Building {Microservices}: {Designing} {Fine}-{Grained} {Systems}},
	publisher = {O'Reilly Media},
	author = {Newman, Sam},
	year = {2022},
}

@inproceedings{arraes_migracao_2019,
	title = {Migração de {Sistemas} {Monolíticos} para {Microserviços}: {Uma} {Abordagem} {Híbrida} sem {Downtime}},
	shorttitle = {Migração de {Sistemas} {Monolíticos} para {Microserviços}},
	url = {https://sol.sbc.org.br/index.php/wcga/article/view/7590},
	doi = {10.5753/wcga.2019.7590},
	abstract = {The recent Microservices paradigm is based on building a system as a set of small distributed services developed in an independent fashion that are deployed, scaled and replicated in a transparent way as it was a single application. Several organizations that are adopting this paradigm have to cope with the challenge to migrate current traditional monolithic applications in production to microservices, preferably, without having to schedule maintenances to take the application offline. This paper presents an approach for hybrid migrating to microservices with no downtime and practically no changes in the monolithic code. A real application is used as a proof of concept to demonstrate that the proposed approach enables to go forward or backward among different versions of the application without needing to take the application offline, considering code or data changes. Moreover, an evaluation performed in the cloud demonstrates that this work does not introduce significant performance or costs overhead and still enables to support higher loads in the monolith, due to the removal of part of its functionality to be processed in microservices.},
	urldate = {2025-07-30},
	booktitle = {Workshop em {Clouds} e {Aplicações}},
	publisher = {Sociedade Brasileira de Computação - SBC},
	author = {Arraes, Augusto Flávio  Albuquerque and Sampaio, Américo and Medeiros, Otavio and Mendonca, Nabor  Das Chagas},
	month = sep,
	year = {2019},
	pages = {1--14},
}

@misc{boston_consulting_group_winning_2022,
	title = {Winning {Financial} {Institutions} {Build} on {Digital} {Strategy}},
	url = {https://www.bcg.com/publications/2022/digital-transformation-in-financial-services},
	abstract = {O relatório analisa a maturidade digital de quase 250 instituições financeiras em três continentes e conclui que aquelas com uma estratégia digital clara apresentam desempenho superior em métricas como crescimento de receita, valor empresarial e automação. Identifica cinco arquétipos de maturidade digital e sugere caminhos práticos para avanço.},
	urldate = {2025-05-19},
	author = {{Boston Consulting Group}},
	month = oct,
	year = {2022},
}

@article{glenn_task_1976,
	title = {Task delegation to physician extenders--some comparisons},
	volume = {66},
	issn = {0090-0036},
	doi = {10.2105/ajph.66.1.64},
	abstract = {This study uses a task delegation questionnaire to compare 1973 physician extender practices in seven primary care-oriented sites with a physician attitude survey made in 1969. One additional site using no physician extenders was included as a control. The study involves both major types of physician extenders (physician assistants and nurse practitioners) in ambulatory practices with at least one year of experience in using such personnel. With minor exceptions, actual task delegation patterns conform with the 1969 attitudes of physicians as to which tasks "could and should" be delegated to physician extenders.},
	language = {eng},
	number = {1},
	journal = {American Journal of Public Health},
	author = {Glenn, J. K. and Goldman, J.},
	month = jan,
	year = {1976},
	pmid = {2022},
	pmcid = {PMC1653348},
	keywords = {Humans, Nurse Practitioners, Physician Assistants, Primary Health Care, Professional Practice, Task Performance and Analysis, United States},
	pages = {64--66},
}

@inproceedings{liu_microservices_2020,
	address = {Macau, China},
	title = {Microservices: architecture, container, and challenges},
	copyright = {https://ieeexplore.ieee.org/Xplorehelp/downloads/license-information/IEEE.html},
	isbn = {978-1-7281-8915-4},
	shorttitle = {Microservices},
	url = {https://ieeexplore.ieee.org/document/9282637/},
	doi = {10.1109/QRS-C51114.2020.00107},
	urldate = {2025-07-29},
	booktitle = {2020 {IEEE} 20th {International} {Conference} on {Software} {Quality}, {Reliability} and {Security} {Companion} ({QRS}-{C})},
	publisher = {IEEE},
	author = {Liu, Guozhi and Huang, Bi and Liang, Zhihong and Qin, Minmin and Zhou, Hua and Li, Zhang},
	month = dec,
	year = {2020},
	pages = {629--635},
}

@article{karabey_aksakalli_deployment_2021,
	title = {Deployment and communication patterns in microservice architectures: {A} systematic literature review},
	volume = {180},
	issn = {01641212},
	shorttitle = {Deployment and communication patterns in microservice architectures},
	url = {https://linkinghub.elsevier.com/retrieve/pii/S0164121221001114},
	doi = {10.1016/j.jss.2021.111014},
	language = {en},
	urldate = {2025-07-29},
	journal = {Journal of Systems and Software},
	author = {Karabey Aksakalli, Işıl and Çelik, Turgay and Can, Ahmet Burak and Teki̇nerdoğan, Bedir},
	month = oct,
	year = {2021},
	keywords = {Communication concerns, Communication patterns of microservices, Deployment challenges, Microservice architectures, Microservice deployment, Research directions},
	pages = {111014},
}

@inproceedings{jhingran_decentralized_2024,
	address = {Nagpur, India},
	title = {Decentralized {Generative} {AI} {Model} {Deployment} {Using} {Microservices}},
	copyright = {https://doi.org/10.15223/policy-029},
	isbn = {979-8-3315-1795-3},
	url = {https://ieeexplore.ieee.org/document/10882424/},
	doi = {10.1109/ICAIQSA64000.2024.10882424},
	urldate = {2025-07-29},
	booktitle = {2024 {International} {Conference} on {Artificial} {Intelligence} and {Quantum} {Computation}-{Based} {Sensor} {Application} ({ICAIQSA})},
	publisher = {IEEE},
	author = {Jhingran, Sushant and Bansal, Nidhi and Chaturvedi, Rekha and Singh, Ajeet and Arora, Yojna},
	month = dec,
	year = {2024},
	pages = {1--5},
}

@book{fowler_microsservicos_2022,
	title = {Microsserviços prontos para a produção: construindo sistemas padronizados em uma organização de engenharia de software},
	isbn = {978-85-7522-621-6},
	shorttitle = {Microsserviços prontos para a produção},
	language = {pt-BR},
	publisher = {Novatec Editora},
	author = {Fowler, Susan J.},
	month = apr,
	year = {2022},
}

@article{thones_microservices_2015,
	title = {Microservices},
	volume = {32},
	copyright = {https://ieeexplore.ieee.org/Xplorehelp/downloads/license-information/IEEE.html},
	issn = {0740-7459, 1937-4194},
	url = {https://ieeexplore.ieee.org/document/7030212/},
	doi = {10.1109/MS.2015.11},
	number = {1},
	urldate = {2025-07-29},
	journal = {IEEE Software},
	author = {Thönes, Johannes},
	month = jan,
	year = {2015},
	pages = {116--116},
}

@inproceedings{rademacher_modeling_2020,
	address = {Cham},
	title = {A {Modeling} {Method} for {Systematic} {Architecture} {Reconstruction} of {Microservice}-{Based} {Software} {Systems}},
	isbn = {978-3-030-49418-6},
	abstract = {Microservice Architecture (MSA) is an approach to architecting service-based software systems, which aims for decreasing service coupling to enable independent service development and deployment. Consequently, the adoption of MSA is expected to particularly benefit the scalability, maintainability, and reliability of monolithic systems. However, MSA adoption also increases architectural complexity in service design, implementation, and operation. As a result, Software Architecture Reconstruction (SAR) of microservice architectures is aggravated. This paper presents a modeling method that systematizes SAR of microservice architectures with the goal to facilitate its execution. The method yields reconstruction models for certain architecture viewpoints in MSA to enable efficient architecture analysis. We validate the method’s applicability by means of a case study architecture and the assessment of its risk in technical debt using derived reconstruction models.},
	booktitle = {Enterprise, {Business}-{Process} and {Information} {Systems} {Modeling}},
	publisher = {Springer International Publishing},
	author = {Rademacher, Florian and Sachweh, Sabine and Zündorf, Albert},
	editor = {Nurcan, Selmin and Reinhartz-Berger, Iris and Soffer, Pnina and Zdravkovic, Jelena},
	year = {2020},
	pages = {311--326},
}

@inproceedings{maulana_design_2022,
	title = {Design and {Testing} on {Migration} of {Remiss}-{Supply} in {Banking} {System} to {Microservice} {Architecture}},
	doi = {10.1109/COMNETSAT56033.2022.9994362},
	booktitle = {2022 {IEEE} {International} {Conference} on {Communication}, {Networks} and {Satellite} ({COMNETSAT})},
	author = {Maulana, A. and Raharja, P. A.},
	month = nov,
	year = {2022},
	note = {Journal Abbreviation: 2022 IEEE International Conference on Communication, Networks and Satellite (COMNETSAT)},
	pages = {168--173},
}

@article{marganski_rest_2021,
	title = {{REST} and {GraphQL} comparative analysis},
	volume = {19},
	url = {https://ph.pollub.pl/index.php/jcsi/article/view/2473},
	doi = {10.35784/jcsi.2473},
	abstract = {\&lt;p\&gt;\&lt;span style=\&quot;font-weight: 400;\&quot;\&gt;The article presents a comparative analysis of the two most commonly used API web design standards - REST and GraphQL. The time and size of HTTP responses returned by applications were tested. Two applications with the same functionalities, performing CRUD operations, on data stored in the non-relational MongoDB database were used for the research. Both applications were based on NodeJS technology. The JMeter tool was used to collect and analyze the data. On the basis of the obtained results, it was found that there were no significant differences in reading the data with a small number of queries and when removing resources. With the increase in the number of queries, a clear advantage of the REST standard was observed. The advantage of GraphQL, both in response time and size, was demonstrated when retrieving specific data.\&lt;/span\&gt;\&lt;/p\&gt;},
	number = {0},
	urldate = {2025-07-29},
	journal = {Journal of Computer Sciences Institute},
	author = {Margański, Piotr and Pańczyk, Beata},
	month = jun,
	year = {2021},
	note = {Section: Articles},
	pages = {89--94},
}

@article{jhingran_performance_2021,
	title = {Performance factor impacting behavior of microservices in various hosting domains},
	journal = {2021 Fourth International Conference on Computational Intelligence and Communication Technologies (CCICT)},
	author = {Jhingran, Sushant and Rakesh, Nitin},
	year = {2021},
	pages = {160--164},
}

@inproceedings{gustrowsky_using_2024,
	address = {Cham},
	title = {Using {Generative} {Artificial} {Intelligence} for {Suggesting} {Software} {Architecture} {Patterns} from {Requirements}},
	isbn = {978-3-031-66336-9},
	abstract = {The job of software architects is vital for translating a list of requirements into a successful software product. Specifically, they are in charge of evaluating a list of requirements that the user entrusts to them, and craft an architecture that not only works, but also follows best practices. Because constructing a robust software architecture from requirements is often a complex process, our contribution is a solution that uses generative artificial intelligence (GAI) to suggest architecture patterns that best fit the given requirements with a description about how to use them in a project. The proposed solution fine tunes the Llama 2 LLM using QLoRA and SFTTrainer provided by the Hugging Face APIs with a custom dataset of requirements and patterns. The results of the experiments conducted on the fine-tuned model were moderately satisfactory, as the model correctly predicted the software architecture pattern in 70\% of the test cases and provided a detailed usage explanation.},
	booktitle = {Intelligent {Systems} and {Applications}},
	publisher = {Springer Nature Switzerland},
	author = {Gustrowsky, Brandon and Villarreal, Joel López and Alférez, Germán H.},
	editor = {Arai, Kohei},
	year = {2024},
	pages = {274--283},
}

@article{lu_computing_2024,
	title = {Computing in the era of large generative models: {From} cloud-native to {AI}-native},
	journal = {arXiv preprint arXiv:2401.12230},
	author = {Lu, Yao and Bian, Song and Chen, Lequn and He, Yongjun and Hui, Yulong and Lentz, Matthew and Li, Beibin and Liu, Fei and Li, Jialin and Liu, Qi},
	year = {2024},
}

@inproceedings{jiang_research_2024,
	title = {Research on {Financial} {Big} {Data} {Collection} and {Intelligent} {Decision}-{Making} {System} {Based} on {Multimodal} {Large} {Language} {Model}},
	isbn = {2377-5831},
	doi = {10.1109/iFUZZY63051.2024.10662884},
	booktitle = {2024 {International} {Conference} on {Fuzzy} {Theory} and {Its} {Applications} ({iFUZZY})},
	author = {Jiang, Y. and Li, Z. and Chen, C. L. Philip},
	month = aug,
	year = {2024},
	note = {Journal Abbreviation: 2024 International Conference on Fuzzy Theory and Its Applications (iFUZZY)},
	pages = {1--6},
}

@inproceedings{krishnan_unified_2025,
	title = {Unified {Data} {Engineering} {Frameworks} for {LLM}-{Powered} {Cloud} {Applications} at {Scale}},
	doi = {10.1109/GINOTECH63460.2025.11076719},
	booktitle = {2025 {Global} {Conference} in {Emerging} {Technology} ({GINOTECH})},
	author = {Krishnan, B. and Shirdi, A. and Patil, B. and Kosna, S. R.},
	month = may,
	year = {2025},
	note = {Journal Abbreviation: 2025 Global Conference in Emerging Technology (GINOTECH)},
	pages = {1--6},
}

@misc{noauthor_o_2024,
	title = {O que é transformação digital em serviços bancários e financeiros? {\textbar} {IBM}},
	shorttitle = {O que é transformação digital em serviços bancários e financeiros?},
	url = {https://www.ibm.com/br-pt/think/topics/digital-transformation-banking},
	abstract = {A transformação digital no setor bancário é o ato de integrar tecnologias e estratégias digitais para otimizar as operações e aprimorar as experiências personalizadas.},
	language = {pt},
	urldate = {2025-07-27},
	month = may,
	year = {2024},
}

@article{kazanavicius_approach_2022,
	title = {An {Approach} to {Migrate} a {Monolith} {Database} into {Multi}-{Model} {Polyglot} {Persistence} {Based} on {Microservice} {Architecture}: {A} {Case} {Study} for {Mainframe} {Database}},
	volume = {12},
	issn = {2076-3417},
	url = {https://www.mdpi.com/2076-3417/12/12/6189},
	doi = {10.3390/app12126189},
	abstract = {Migration from a monolithic architecture to a microservice architecture is a complex challenge, which consists of issues such as microservices identification, code decomposition, commination between microservices, independent deployment, etc. One of the key issues is data storage adaptation to a microservice architecture. A monolithic architecture interacts with a single database, while in microservice architecture, data storage is decentralized, each microservice works independently and has its own private data storage. A viable option to fulfil different microservice persistence requirements is polyglot persistence, which is data storage technology selected according to the characteristics of each microservice need. This research aims to propose and evaluate the approach of monolith database migration into multi-model polyglot persistence based on microservice architecture. The novelty and relevance of the proposed approach are double, that is, it provides a general approach of how to conduct database migration from monolith architecture into a microservice architecture and allows the data model to be transformed into multi-model polyglot persistence. Migration from a mainframe monolith database to a multi-model polyglot persistence was performed as a proof-of-concept for the proposed migration approach. Quality attributes defined in the ISO/IEC 25012:2008 standard were used to evaluate and compare the data quality of the microservice with the multi-model polyglot persistence and the existing monolith mainframe database. Results of the research showed that the proposed approach can be used to conduct data storage migration from a monolith to microservice architecture and improve the quality of the consistency, understandability, availability, and portability attributes. Moreover, we expect that our results could inspire researchers and practitioners toward further work aimed to improve and automate the proposed approach.},
	number = {12},
	journal = {Applied Sciences},
	author = {Kazanavičius, Justas and Mažeika, Dalius and Kalibatienė, Diana},
	year = {2022},
}

@article{nageba_microservices-based_2022,
	title = {Microservices-{Based} {Architecture} to {Support} the {Adaptive} {RECORDS}-{Trial}.},
	volume = {294},
	issn = {1879-8365},
	url = {https://research.ebsco.com/linkprocessor/plink?id=459a9293-be1e-3dfd-a4f5-cb86ac9738c6},
	doi = {10.3233/SHTI220458},
	abstract = {Information systems used by platform trials should handle changes that are not predefined. Unfortunately, the technical architecture of most existing clinical data management systems (CDMS) do not support changes to be incorporated into an ongoing trial. Adaptive clinical trials need advanced architectural solutions setup to enable biomarker stratification and enrichment strategy necessary for the adaptive clinical trial operation. This short paper presents the microservices-based architecture solution that is used to run and support the adaptive RECORDS-Trial.},
	language = {eng},
	journal = {Studies in health technology and informatics},
	author = {Nageba, Ebrahim and Hilka, Martin and Gozlan, Rafael and Dubiel, Julien and Baudoin, Cendrine and Daniel, Christel},
	month = may,
	year = {2022},
	note = {Place: Netherlands
Publisher: IOS Press},
	pages = {283--284},
}

@inproceedings{ritu_comparative_2024-1,
	title = {A {Comparative} {Analysis} of {Communication} {Efficiency}: {REST} vs. {gRPC} in {Microservice}- {Based} {Ecosystems}},
	doi = {10.1109/INNOCOMP63224.2024.00107},
	booktitle = {2024 {International} {Conference} on {Emerging} {Innovations} and {Advanced} {Computing} ({INNOCOMP})},
	author = {{Ritu} and Arora, Shruti and Bhardwaj, Aanshi and Kukkar, Ashima and Kaur, Sawinder},
	year = {2024},
	keywords = {Computer architecture, Ecosystems, Microservice architectures, Protocols, Representational state transfer (REST), Technological innovation, Throughput, Transport protocols, communication protocols, distributed systems, gRPC, latency analysis, microservices architecture, practical guidelines},
	pages = {621--626},
}

@misc{finn_what_2024,
	title = {What is {Digital} {Transformation} in {Banking} \& {Financial} {Services}?},
	shorttitle = {What is {Digital} {Transformation} in {Banking} \& {Financial} {Services}?},
	url = {https://www.ibm.com/think/topics/digital-transformation-banking},
	abstract = {Digital transformation in banking is the act of integrating digital technologies and strategies to optimize operations and enhance personalized experiences.},
	language = {en},
	urldate = {2025-05-27},
	author = {Finn, Teaganne and Downie, Amanda},
	month = may,
	year = {2024},
}

@book{goossens_latex_1997,
	title = {The {LaTeX} {Graphics} {Companion}},
	url = {https://www.bcg.com/publications/2022/digital-transformation-in-financial-services},
	publisher = {Addison-Wesley},
	author = {Goossens, Michel and Rahtz, Sebastian and Mittelbach, Frank},
	year = {1997},
	keywords = {Graphics, LaTeX, Programming},
}

@misc{lewis_microservices_2014,
	title = {Microservices: a definition of this new architectural term},
	url = {https://martinfowler.com/articles/microservices.html},
	urldate = {2025-07-18},
	author = {Lewis, James and Fowler, Martin},
	month = mar,
	year = {2014},
}

@article{niswar_performance_2024,
	title = {Performance evaluation of microservices communication with {REST}, {GraphQL}, and {gRPC}},
	volume = {vol. 70},
	url = {http://journals.pan.pl/Content/131803/PDF-MASTER/22_4436_Niswar_sk_NEW.pdf},
	doi = {10.24425/ijet.2024.149562},
	abstract = {Microservice architecture has become the design paradigm for creating scalable and maintainable software systems. Selecting the proper communication protocol in microservices is critical to achieving optimal system performance. This study compares the performance of three commonly used API protocols: REST, GraphQL, and gRPC, in microservices architecture. In this study, we established three microservices implemented in three containers and each microservice contained a Redis and MySQL database. We evaluated the performance of these API protocols using two key performance metrics: response time and CPU Utilization. This study performs two distinct data retrieval: fetching flat data and fetching nested data, with a number of requests ranging from 100 to 500 requests. The experimental results indicate that gRPC has a faster response time, followed by REST and GraphQL. Moreover, GraphQL shows higher CPU Utilization compared to gRPC and REST. The experimental results provide insight for developers and architects seeking to optimize their microservices communication protocols for specific use cases and workloads.},
	number = {No 2},
	journal = {International Journal of Electronics and Telecommunications},
	author = {Niswar, Muhammad and Arisandy Safruddin, Reza and Bustamin, Anugrayani and Aswad, Iqra},
	year = {2024},
	note = {Publisher: Polish Academy of Sciences Committee of Electronics and Telecommunications
Type: Article},
	keywords = {API, GraphQL, Microservices, REST, gRPC},
	pages = {429--436},
}

@article{noauthor_impacts_nodate,
	title = {The {Impacts} of {Microservice} {Grouping} into {Containers}: {An} {Experimental} {Analysis} of the {Benefits} and {Limits} of this {Approach}},
	language = {en},
}

@book{kernighan_c_1988,
	edition = {2nd},
	title = {The {C} {Programming} {Language} ({ANSI} {C})},
	publisher = {Prentice Hall Software series},
	author = {Kernighan, B. W. and Ritchie, D. M.},
	year = {1988},
	keywords = {Imperative, Programming},
}

@misc{jurafsky_speech_2023,
	title = {Speech and {Language} {Processing}},
	author = {Jurafsky, Dan and Martin, James H.},
	year = {2023},
	note = {Edition: 3},
}

@book{beyer_site_2016,
	title = {Site {Reliability} {Engineering}: {How} {Google} {Runs} {Production} {Systems}},
	publisher = {O'Reilly Media},
	author = {Beyer, Betsy and Jones, Chris and Petoff, Jennifer and Murphy, Niall Richard},
	year = {2016},
}

@misc{opentelemetry_opentelemetry_2023,
	title = {{OpenTelemetry} {Documentation}},
	publisher = {The Linux Foundation},
	author = {{OpenTelemetry}},
	year = {2023},
}

@misc{sridharan_observability_2018,
	title = {Observability is a new word for a very old concept},
	publisher = {Medium},
	author = {Sridharan, Cindy},
	year = {2018},
}

@inproceedings{dragoni_microservices_2017,
	title = {Microservices: {Yesterday}, {Today}, and {Tomorrow}},
	booktitle = {Present and {Ulterior} {Software} {Engineering}},
	publisher = {Springer},
	author = {Dragoni, Nicola and Giallorenzo, Saverio and Lafuente, Alberto Lluch and Mazzara, Manuel and Montesi, Fabrizio and Mustafin, Ruslan and Safina, Larisa},
	year = {2017},
	pages = {195--216},
}

@book{richardson_microservices_2018,
	title = {Microservices {Patterns}: {With} examples in {Java}},
	publisher = {Manning Publications},
	author = {Richardson, Chris},
	year = {2018},
}

@book{lamport_latex_1986,
	edition = {{\textbackslash}nth5},
	title = {Ł{aTeX}{\textbackslash} — {A} {Document} {Preparation} {System}},
	publisher = {Addison-Wesley Publishing Company},
	author = {Lamport, L.},
	year = {1986},
	keywords = {LaTeX},
}

@book{flanagan_java_1999,
	edition = {3rd},
	title = {Java in a {Nutshell}},
	publisher = {O'Reilly \& Associates},
	author = {Flanagan, D.},
	year = {1999},
	keywords = {Java, OO, Programming},
}

@book{bird_introduction_1988,
	title = {Introduction to {Functional} {Programming}},
	publisher = {Prentice-Hall},
	author = {Bird, R. and Wadler, P.},
	year = {1988},
	keywords = {Functional, Programming},
}

@inproceedings{villamizar_evaluating_2023,
	title = {Evaluating {LLM}-based applications using a microservice architecture},
	booktitle = {2023 {IEEE} {International} {Conference} on {Big} {Data} ({Big} {Data})},
	publisher = {IEEE},
	author = {Villamizar, Mario and García-Pérez, Alirio and Bou-Ghannam, Al and Film, David and Laredo, Juan},
	year = {2023},
	pages = {6563--6566},
}

@misc{fowler_conways_2022,
	title = {Conway's {Law}},
	author = {Fowler, Martin},
	month = sep,
	year = {2022},
}

@inproceedings{chamas_comparing_2017,
	title = {Comparing {REST}, {SOAP}, {Socket} and {gRPC} in computation offloading of mobile applications: an energy cost analysis},
	booktitle = {2017 {IEEE} {International} {Symposium} on {Systems} {Engineering} ({ISSE})},
	publisher = {IEEE},
	author = {Chamas, Carolina Luiza and Cordeiro, Daniel and Eler, Marcelo Medeiros},
	year = {2017},
	pages = {1--6},
}

@book{scannavino_revisao_2017,
	title = {Revisão {Sistemática} da {Literatura} em {Engenharia} de {Software}: teoria e prática},
	publisher = {Elsevier},
	author = {Scannavino, Katia Romero Felizardo and Nakagawa, Elisa Yumi and Fabbri, Sandra Camargo Pinto Ferraz and Ferrari, Fabiano Cutigi},
	year = {2017},
}
